@book{zee2010quantum,
  title={Quantum field theory in a nutshell},
  author={Zee, Anthony},
  volume={7},
  year={2010},
  publisher={Princeton university press}
}
@book{griffiths2020introduction,
  title={Introduction to elementary particles},
  author={Griffiths, David},
  year={2020},
  publisher={John Wiley \& Sons}
}
